@online{bdd,
  author = {W3ii},
  title = {BDD - Especificações por Exemplo},
  year = 2015,
  url = {http://www.w3ii.com/pt/behavior_driven_development/bdd_specifications_by_example.html},
  urldate = {2017-08-28}
}

@book{boles,
	author = "Y.A. Cengel and M. A. Boles",
	title = {Termodinâmica},
	address = {Nevada},
	publisher = {Mc Graw-Hill},  
	edition   = {7},
	year = "1996"
}

@book{meggi,
	author = "M.A. Meggiolaro,",
	title = {Tutorial em Robôs de Combate (},
	address = {Rio de Janeiro},
	publisher = {Versão 1},
	year = "2006"
}

@online{ionic,
  author = {Ionic Framework},
  title = {Concepts},
  year = 2017,
  url = {https://ionicframework.com/docs/intro/concepts},
  urldate = {2017-01-12}
}


